NERD

@InProceedings{gerbil2015,
	author    = {Usbeck, Ricardo and R\"{o}der, Michael and Ngonga Ngomo, Axel-Cyrille and Baron, Ciro and Both, Andreas and Br\"{u}mmer, Martin and Ceccarelli, Diego and Cornolti, Marco and Cherix, Didier and Eickmann, Bernd and Ferragina, Paolo and Lemke, Christiane and Moro, Andrea and Navigli, Roberto and Piccinno, Francesco and Rizzo, Giuseppe and Sack, Harald and Speck, Ren{\'e} and Troncy, Rapha\"{e}l and Waitelonis, J\"{o}rg and Wesemann, Lars},
	title     = {GERBIL: General Entity Annotator Benchmarking Framework},
	booktitle = {Proceedings of the 24th International Conference on World Wide Web},
	year      = {2015},
	series    = {WWW '15},
	pages     = {1133--1143},
	location  = {Florence, Italy},
	numpages  = {11},
}

EIGENVALUES

@inproceedings{hulpus2012,
	title={An Eigenvalue-Based Measure for Word-Sense Disambiguation.},
	author={Hulpus, Ioana and Hayes, Conor and Karnstedt, Marcel and Greene, Derek},
	booktitle={FLAIRS Conference},
	year={2012}
}

FACTOR GRAPHS

@article{kschischang2001factorgraphs,
	title={Factor graphs and the sum-product algorithm},
	author={Kschischang, Frank R and Frey, Brendan J and Loeliger, H-A},
	journal={IEEE Transactions on information theory},
	volume={47},
	number={2},
	pages={498--519},
	year={2001},
	publisher={IEEE}
}

GENERATIVE MODEL (Spotlight)

@inproceedings{han2011generative,
	title={A generative entity-mention model for linking entities with knowledge base},
	author={Han, Xianpei and Sun, Le},
	booktitle={Proceedings of the 49th Annual Meeting of the Association for Computational Linguistics: Human Language Technologies-Volume 1},
	pages={945--954},
	year={2011},
	organization={Association for Computational Linguistics}
}

HITS ALGORITHM

@article{kleinberg1999,
	title={Hubs, authorities, and communities},
	author={Kleinberg, Jon M},
	journal={ACM computing surveys (CSUR)},
	volume={31},
	number={4es},
	pages={5},
	year={1999},
	publisher={ACM}
}

MACHINE LEARNING

@article{nadeau2007survey,
	title={A survey of named entity recognition and classification},
	author={Nadeau, David and Sekine, Satoshi},
	journal={Lingvisticae Investigationes},
	volume={30},
	number={1},
	pages={3--26},
	year={2007},
	publisher={John Benjamins publishing company}
}

@article{rizzo2011nerd,
	title={Nerd: evaluating named entity recognition tools in the web of data},
	author={Rizzo, Giuseppe and Troncy, Rapha{\"e}l},
	year={2011}
}

AIDA

@phdthesis{hoffart2015,
	title={Discovering and disambiguating named entities in text},
	author={Hoffart, Johannes},
	year={2015},
	month={2}
}

@article{aida2016,
	title={U-AIDA: a customizable system for named entity recognition, classification, and disambiguation},
	author={Yosef, Mohamed Amir},
	year={2016},
	school = {Saarland University},
}

X-LISA DATA LEXICA

@inproceedings{zhang2014xlid,
	title={xLiD-Lexica: Cross-lingual Linked Data Lexica.},
	author={Zhang, Lei and F{\"a}rber, Michael and Rettinger, Achim},
	booktitle={LREC},
	pages={2101--2105},
	year={2014}
}

WIKIPEDIA LINK MEASURE

@inproceedings{witten2008,
	title={An effective, low-cost measure of semantic relatedness obtained from Wikipedia links},
	author={Witten, Ian and Milne, David},
	booktitle={Proceeding of AAAI Workshop on Wikipedia and Artificial Intelligence: an Evolving Synergy, AAAI Press, Chicago, USA},
	pages={25--30},
	year={2008}
}

%%%%%%%%%%%%%%%%%%%%%%%%%%%%%%%%%%%%%%%%%%%%%%%%%%%%%%%%%%%%%%%%%%%%%%%%%%%%%%%%
%%% KNOWLEDGE BASES %%%%%%%%%%%%%%%%%%%%%%%%%%%%%%%%%%%%%%%%%%%%%%%%%%%%%%%%%%%%
%%%%%%%%%%%%%%%%%%%%%%%%%%%%%%%%%%%%%%%%%%%%%%%%%%%%%%%%%%%%%%%%%%%%%%%%%%%%%%%%

DBPEDIA

@article{dbpedia2007,
	title={Dbpedia: A nucleus for a web of open data},
	author={Auer, S{\"o}ren and Bizer, Christian and Kobilarov, Georgi and Lehmann, Jens and Cyganiak, Richard and Ives, Zachary},
	journal={The semantic web},
	pages={722--735},
	year={2007},
	publisher={Springer}
}

@article{dbpedia2015,
	title     = {DBpedia - {A} large-scale, multilingual knowledge base extracted from Wikipedia},
	author    = {Lehmann, Jens and Isele, Robert and Jakob, Max and Jentzsch, Anja and Kontokostas, Dimitris and Mendes, Pablo N. and Hellmann, Sebastian and Morsey, Mohamed and Van Kleef, Patrick and Auer, S{\"o}ren and Bizer, Christian},
	journal   = {Semantic Web},
	volume    = {6},
	number    = {2},
	pages     = {167--195},
	year      = {2015},
	publisher={IOS Press}
}

YAGO

@inproceedings{yago2007,
	title     = {Yago: a core of semantic knowledge unifying WordNet and Wikipedia},
	author={M. Suchanek, Fabian and Kasneci, Gjergji and Weikum, Gerhard},
	booktitle = {{WWW}},
	pages     = {697--706},
	publisher = {{ACM}},
	year      = {2007}
}

@article{yago2013,
	title     = {{YAGO2:} {A} spatially and temporally enhanced knowledge base from	Wikipedia},
	author={Hoffart, Johannes and Suchanek, Fabian M. and Berberich, Klaus and Weikum, Gerhard},
	journal   = {Artificial Intelligence},
	volume    = {194},
	pages     = {28--61},
	year      = {2013}
}

@inproceedings{yago2015,
	title     = {{YAGO3:} {A} Knowledge Base from Multilingual Wikipedias},
	author={Mahdisoltani, Farzaneh and Biega, Joanna and Suchanek, Fabian M.},
	booktitle = {{CIDR}},
	publisher = {www.cidrdb.org},
	year      = {2015}
}

FREEBASE

@inproceedings{bollacker2007,
	title={A platform for scalable, collaborative, structured information integration},
	author={Bollacker, Kurt and Tufts, Patrick and Pierce, Tomi and Cook, Robert},
	booktitle={Intl. Workshop on Information Integration on the Web (IIWebâ€™07)},
	year={2007}
}

@inproceedings{bollacker2008,
	title={Freebase: a collaboratively created graph database for structuring human knowledge},
	author={Bollacker, Kurt and Evans, Colin and Paritosh, Praveen and Sturge, Tim and Taylor, Jamie},
	booktitle={Proceedings of the 2008 ACM SIGMOD international conference on Management of data},
	pages={1247--1250},
	year={2008},
	organization={AcM}
}

BABELNET

@inproceedings{navigli2010,
	title={BabelNet: Building a very large multilingual semantic network},
	author={Navigli, Roberto and Ponzetto, Simone Paolo},
	booktitle={Proceedings of the 48th annual meeting of the association for computational linguistics},
	pages={216--225},
	year={2010},
	organization={Association for Computational Linguistics}
}

@article{navigli2012,
	title={BabelNet: The automatic construction, evaluation and application of a wide-coverage multilingual semantic network},
	author={Navigli, Roberto and Ponzetto, Simone Paolo},
	journal={Artificial Intelligence},
	volume={193},
	pages={217--250},
	year={2012},
	publisher={Elsevier}
}