%%%%%%%%%%%%%%%%%%%%%%%%%%%%%%%%%%%%%%%%%%%%%%%%%%%%%%%%%%%%%%%%%%%%%%%%%%%%%%%%
%%% LOCAL METHODS %%%%%%%%%%%%%%%%%%%%%%%%%%%%%%%%%%%%%%%%%%%%%%%%%%%%%%%%%%%%%%
%%%%%%%%%%%%%%%%%%%%%%%%%%%%%%%%%%%%%%%%%%%%%%%%%%%%%%%%%%%%%%%%%%%%%%%%%%%%%%%%

%%% BoW
%%%%%%%%%%%%%%%%%%%%%%%%%%%%%%%%%%%%%%%%%%%%%%%%%%%%%%%%%%%%%%%%%%%%%%%%%%%%%%%%

@inproceedings{bunescu2006,
	title={Using Encyclopedic Knowledge for Named entity Disambiguation},
	author={Bunescu, Razvan C. and Pasca, Marius},
	booktitle={{EACL}},
	volume={6},
	pages={9--16},
	year={2006},
	publisher = {The Association for Computer Linguistics}
}

@inproceedings{cucerzan2007,
	title={Large-scale named entity disambiguation based on Wikipedia data},
	author={Cucerzan, Silviu},
	booktitle={EMNLP-CoNLL 2007, Proceedings of the 2007 Joint Conference on Empirical
	Methods in Natural Language Processing and Computational Natural Language
	Learning, June 28-30, 2007, Prague, Czech Republic},
	pages={708--716},
	year={2007}
}

@inproceedings{mihalcea2007,
	title={Wikify!: linking documents to encyclopedic knowledge},
	author={Mihalcea, Rada and Csomai, Andras},
	booktitle={Proceedings of the sixteenth ACM conference on Conference on information and knowledge management},
	pages={233--242},
	year={2007},
	organization={ACM}
}

@inproceedings{fader2009,
	title={Scaling Wikipedia-based named entity disambiguation to arbitrary web text},
	author={Fader, Anthony and Soderland, Stephen and Etzioni, Oren and Center, Turing},
	booktitle={Proceedings of the IJCAI Workshop on User-contributed Knowledge and Artificial Intelligence: An Evolving Synergy, Pasadena, CA, USA},
	pages={21--26},
	year={2009}
}

@inproceedings{mendes2011,
	title={DBpedia spotlight: shedding light on the web of documents},
	author={Mendes, Pablo N and Jakob, Max and Garc{\'\i}a-Silva, Andr{\'e}s and Bizer, Christian},
	booktitle={Proceedings of the 7th international conference on semantic systems},
	pages={1--8},
	year={2011},
	organization={ACM}
}

@inproceedings{daiber2013,
	title={Improving efficiency and accuracy in multilingual entity extraction},
	author={Daiber, Joachim and Jakob, Max and Hokamp, Chris and Mendes, Pablo N},
	booktitle={Proceedings of the 9th International Conference on Semantic Systems},
	pages={121--124},
	year={2013},
	organization={ACM}
}

@inproceedings{caliano2016,
	title={UniMiB: Entity Linking in Tweets using Jaro-Winkler Distance, Popularity and Coherence.},
	author={Caliano, Davide and Fersini, Elisabetta and Manchanda, Pikakshi and Palmonari, Matteo and Messina, Enza},
	booktitle={\# Microposts},
	pages={70--72},
	year={2016}
}

%%% Graphs
%%%%%%%%%%%%%%%%%%%%%%%%%%%%%%%%%%%%%%%%%%%%%%%%%%%%%%%%%%%%%%%%%%%%%%%%%%%%%%%%



%%% ML
%%%%%%%%%%%%%%%%%%%%%%%%%%%%%%%%%%%%%%%%%%%%%%%%%%%%%%%%%%%%%%%%%%%%%%%%%%%%%%%%

@inproceedings{meij2012,
	title={Adding semantics to microblog posts},
	author={Meij, Edgar and Weerkamp, Wouter and De Rijke, Maarten},
	booktitle={Proceedings of the fifth ACM international conference on Web search and data mining},
	pages={563--572},
	year={2012},
	organization={ACM}
}

@inproceedings{zheng2012,
	title={Entity disambiguation with freebase},
	author={Zheng, Zhicheng and Si, Xiance and Li, Fangtao and Chang, Edward Y and Zhu, Xiaoyan},
	booktitle={Proceedings of the The 2012 IEEE/WIC/ACM International Joint Conferences on Web Intelligence and Intelligent Agent Technology-Volume 01},
	pages={82--89},
	year={2012},
	organization={IEEE Computer Society}
}

@incollection{rao2013,
	title={Entity linking: Finding extracted entities in a knowledge base},
	author={Rao, Delip and McNamee, Paul and Dredze, Mark},
	booktitle={Multi-source, multilingual information extraction and summarization},
	pages={93--115},
	year={2013},
	publisher={Springer}
}

@article{durrett2014,
	title={A joint model for entity analysis: Coreference, typing, and linking},
	author={Durrett, Greg and Klein, Dan},
	journal={Transactions of the Association for Computational Linguistics},
	volume={2},
	pages={477--490},
	year={2014}
}

@inproceedings{yamada2015,
	title={An end-to-end entity linking approach for tweets},
	author={Yamada, Ikuya and Takeda, Hideaki and Takefuji, Yoshiyasu},
	booktitle={5th Workshop on Making Sense of Microposts: Big Things Come in Small Packages,\# Microposts 2015, at the 24th International Conference on the World Wide Web, WWW 2015},
	year={2015},
	organization={CEUR-WS}
}

@inproceedings{greenfield2016,
	title={A Reverse Approach to Named Entity Extraction and Linking in Microposts.},
	author={Greenfield, Kara and Caceres, Rajmonda S and Coury, Michael and Geyer, Kelly and Gwon, Youngjune and Matterer, Jason and Mensch, Alyssa and Sahin, Cem Safak and Simek, Olga},
	booktitle={\# Microposts},
	pages={67--69},
	year={2016}
}

@inproceedings{perera2016,
	title={Implicit entity linking in tweets},
	author={Perera, Sujan and Mendes, Pablo N and Alex, Adarsh and Sheth, Amit P and Thirunarayan, Krishnaprasad},
	booktitle={International Semantic Web Conference},
	pages={118--132},
	year={2016},
	organization={Springer}
}

%%%%%%%%%%%%%%%%%%%%%%%%%%%%%%%%%%%%%%%%%%%%%%%%%%%%%%%%%%%%%%%%%%%%%%%%%%%%%%%%
%%% COLLECTIVE METHODS %%%%%%%%%%%%%%%%%%%%%%%%%%%%%%%%%%%%%%%%%%%%%%%%%%%%%%%%%
%%%%%%%%%%%%%%%%%%%%%%%%%%%%%%%%%%%%%%%%%%%%%%%%%%%%%%%%%%%%%%%%%%%%%%%%%%%%%%%%

%%% BoW
%%%%%%%%%%%%%%%%%%%%%%%%%%%%%%%%%%%%%%%%%%%%%%%%%%%%%%%%%%%%%%%%%%%%%%%%%%%%%%%%

@inproceedings{ferragina2010,
	title={Tagme: on-the-fly annotation of short text fragments (by wikipedia entities)},
	author={Ferragina, Paolo and Scaiella, Ugo},
	booktitle={Proceedings of the 19th ACM international conference on Information and knowledge management},
	pages={1625--1628},
	year={2010},
	organization={ACM}
}

@article{ferragina2012,
	title={Fast and accurate annotation of short texts with wikipedia pages},
	author={Ferragina, Paolo and Scaiella, Ugo},
	journal={IEEE software},
	volume={29},
	number={1},
	pages={70--75},
	year={2012},
	publisher={IEEE}
}

@inproceedings{scaiella2014,
	title={DataTXT at\# Microposts2014 Challenge.},
	author={Scaiella, Ugo and Barbera, Michele and Parmesan, Stefano and Prestia, Gaetano and Del Tessandoro, Emilio and Ver{\'\i}, Mario},
	booktitle={\# MSM},
	pages={66--67},
	year={2014}
}

@inproceedings{hulpus2013,
	title={Kanopy: Analysing the semantic network around document topics},
	author={Hulpu{\c{s}}, Ioana and Hayes, Conor and Karnstedt, Marcel and Greene, Derek and Jozwowicz, Marek},
	booktitle={Joint European Conference on Machine Learning and Knowledge Discovery in Databases},
	pages={677--680},
	year={2013},
	organization={Springer}
}

@inproceedings{liu2013,
	title={Entity Linking for Tweets.},
	author={Liu, Xiaohua and Li, Yitong and Wu, Haocheng and Zhou, Ming and Wei, Furu and Lu, Yi},
	booktitle={ACL (1)},
	pages={1304--1311},
	year={2013}
}

@inproceedings{sodergren2017,
	title={A multilingual entity linker using pagerank and semantic graphs},
	author={S{\"o}dergren, Anton and Nugues, Pierre},
	booktitle={Proceedings of the 21st Nordic Conference on Computational Linguistics, NoDaLiDa, 22-24 May 2017, Gothenburg, Sweden},
	number={131},
	pages={87--95},
	year={2017},
	organization={Link{\"o}ping University Electronic Press}
}

%%% Graphs
%%%%%%%%%%%%%%%%%%%%%%%%%%%%%%%%%%%%%%%%%%%%%%%%%%%%%%%%%%%%%%%%%%%%%%%%%%%%%%%%

@inproceedings{kulkarni2009,
	title={Collective annotation of Wikipedia entities in web text},
	author={Kulkarni, Sayali and Singh, Amit and Ramakrishnan, Ganesh and Chakrabarti, Soumen},
	booktitle={Proceedings of the 15th ACM SIGKDD international conference on Knowledge discovery and data mining},
	pages={457--466},
	year={2009},
	organization={ACM}
}

@article{yosef2011,
	title={Aida: An online tool for accurate disambiguation of named entities in text and tables},
	author={Yosef, Mohamed Amir and Hoffart, Johannes and Bordino, Ilaria and Spaniol, Marc and Weikum, Gerhard},
	journal={Proceedings of the VLDB Endowment},
	volume={4},
	number={12},
	pages={1450--1453},
	year={2011}
}

@inproceedings{hoffart2011,
	title={Robust disambiguation of named entities in text},
	author={Hoffart, Johannes and Yosef, Mohamed Amir and Bordino, Ilaria and F{\"u}rstenau, Hagen and Pinkal, Manfred and Spaniol, Marc and Taneva, Bilyana and Thater, Stefan and Weikum, Gerhard},
	booktitle={Proceedings of the Conference on Empirical Methods in Natural Language Processing},
	pages={782--792},
	year={2011},
	organization={Association for Computational Linguistics}
}

@inproceedings{han2011,
	title={Collective entity linking in web text: a graph-based method},
	author={Han, Xianpei and Sun, Le and Zhao, Jun},
	booktitle={Proceedings of the 34th international ACM SIGIR conference on Research and development in Information Retrieval},
	pages={765--774},
	year={2011},
	organization={ACM}
}

@inproceedings{hachey2011,
	title={Graph-Based Named Entity Linking with Wikipedia.},
	author={Hachey, Ben and Radford, Will and Curran, James R},
	booktitle={WISE},
	pages={213--226},
	year={2011},
	organization={Springer}
}

@inproceedings{hakimov2012,
	title={Named entity recognition and disambiguation using linked data and graph-based centrality scoring},
	author={Hakimov, Sherzod and Oto, Salih Atilay and Dogdu, Erdogan},
	booktitle={Proceedings of the 4th international workshop on semantic web information management},
	pages={4},
	year={2012},
	organization={ACM}
}

@inproceedings{nguyen2014,
	title={AIDA-light: High-Throughput Named-Entity Disambiguation.},
	author={Nguyen, Dat Ba and Hoffart, Johannes and Theobald, Martin and Weikum, Gerhard},
	booktitle={{LDOW}},
	series={{CEUR} Workshop Proceedings},
	volume={1184},
	publisher={CEUR-WS.org},
	year={2014}
}

@inproceedings{piccinno2014,
	title={From TagME to WAT: a new entity annotator},
	author={Piccinno, Francesco and Ferragina, Paolo},
	booktitle={Proceedings of the first international workshop on Entity recognition \& disambiguation},
	pages={55--62},
	year={2014},
	organization={ACM}
}

@inproceedings{usbeck2014agnostic,
	title={AGDISTIS - Agnostic disambiguation of named entities using linked open data},
	author={Usbeck, Ricardo and Ngomo, Axel-Cyrille Ngonga and R{\"o}der, Michael and Gerber, Daniel and Coelho, Sandro Athaide and Auer, S{\"o}ren and Both, Andreas},
	booktitle={Proceedings of the Twenty-first European Conference on Artificial Intelligence},
	pages={1113--1114},
	year={2014},
	organization={IOS Press}
}

@inproceedings{usbeck2014graph,
	title={AGDISTIS - Graph-based disambiguation of named entities using linked data},
	author={Usbeck, Ricardo and Ngomo, Axel-Cyrille Ngonga and R{\"o}der, Michael and Gerber, Daniel and Coelho, Sandro Athaide and Auer, S{\"o}ren and Both, Andreas},
	booktitle={International Semantic Web Conference},
	pages={457--471},
	year={2014},
	organization={Springer}
}

@article{zhang2014,
	title={X-LiSA: cross-lingual semantic annotation},
	author={Zhang, Lei and Rettinger, Achim},
	journal={Proceedings of the VLDB Endowment},
	volume={7},
	number={13},
	pages={1693--1696},
	year={2014},
	publisher={VLDB Endowment}
}

@inproceedings{plu2015hybrid,
	title={A hybrid approach for entity recognition and linking},
	author={Plu, Julien and Rizzo, Giuseppe and Troncy, Rapha{\"e}l},
	booktitle={Semantic Web Evaluation Challenge},
	pages={28--39},
	year={2015},
	organization={Springer}
}

@inproceedings{plu2015revealing,
	title={Revealing entities from textual documents using a hybrid approach},
	author={Plu, Julien and Rizzo, Giuseppe and Troncy, Rapha{\"e}l},
	booktitle={3rd International Workshop on NLP \& DBpedia, Bethlehem, Pennsylvania, USA},
	year={2015}
}

@inproceedings{plu2016,
	title={Enhancing entity linking by combining NER models},
	author={Plu, Julien and Rizzo, Giuseppe and Troncy, Rapha{\"e}l},
	booktitle={Semantic Web Evaluation Challenge},
	pages={17--32},
	year={2016},
	organization={Springer}
}

@inproceedings{zwicklbauer2016doser,
	title={DoSeR-a knowledge-base-agnostic framework for entity disambiguation using semantic embeddings},
	author={Zwicklbauer, Stefan and Seifert, Christin and Granitzer, Michael},
	booktitle={International Semantic Web Conference},
	pages={182--198},
	year={2016},
	organization={Springer}
}

@inproceedings{zwicklbauer2016robust,
	title={Robust and collective entity disambiguation through semantic embeddings},
	author={Zwicklbauer, Stefan and Seifert, Christin and Granitzer, Michael},
	booktitle={Proceedings of the 39th International ACM SIGIR conference on Research and Development in Information Retrieval},
	pages={425--434},
	year={2016},
	organization={ACM}
}

@inproceedings{torres2016,
	title={Kanopy4Tweets: Entity Extraction and Linking for Twitter.},
	author={Torres-Tram{\'o}n, Pablo and Hromic, Hugo and Walsh, Brian and Heravi, Bahareh Rahmanzadeh and Hayes, Conor},
	booktitle={\# Microposts},
	pages={64--66},
	year={2016}
}

@inproceedings{hakimov2016,
	title={Combining textual and graph-based features for named entity disambiguation using undirected probabilistic graphical models},
	author={Hakimov, Sherzod and Horst, Hendrik ter and Jebbara, Soufian and Hartung, Matthias and Cimiano, Philipp},
	booktitle={Knowledge Engineering and Knowledge Management: 20th International Conference, EKAW 2016, Bologna, Italy, November 19-23, 2016, Proceedings 20},
	pages={288--302},
	year={2016},
	organization={Springer}
}

%%% ML
%%%%%%%%%%%%%%%%%%%%%%%%%%%%%%%%%%%%%%%%%%%%%%%%%%%%%%%%%%%%%%%%%%%%%%%%%%%%%%%%

@inproceedings{milne2008,
	title={Learning to link with wikipedia},
	author={Milne, David and Witten, Ian H},
	booktitle={Proceedings of the 17th ACM conference on Information and knowledge management},
	pages={509--518},
	year={2008},
	organization={ACM}
}

@article{chang2014,
	title={E2E: An end-to-end entity linking system for short and noisy text},
	author={Chang, Ming-Wei and Hsu, Bo-June and Ma, Hao and Loynd, Ricky and Wang, Kuansan},
	journal={Making Sense of Microposts},
	year={2014}
}

@inproceedings{luo2015,
	title={Joint named entity recognition and disambiguation},
	author={Luo, Gang and Huang, Xiaojiang and Lin, Chin-Yew and Nie, Zaiqing},
	booktitle={Proc. EMNLP},
	pages={879--880},
	year={2015}
}

@inproceedings{waitelonis2016,
	title={Named Entity Linking in\# Tweets with KEA.},
	author={Waitelonis, J{\"o}rg and Sack, Harald},
	booktitle={\# Microposts},
	pages={61--63},
	year={2016}
}

@article{nguyen2016,
	title={J-NERD: joint named entity recognition and disambiguation with rich linguistic features},
	author={Nguyen, Dat Ba and Theobald, Martin and Weikum, Gerhard},
	journal={Transactions of the Association for Computational Linguistics},
	volume={4},
	pages={215--229},
	year={2016}
}

@inproceedings{ganea2016,
	title={Probabilistic bag-of-hyperlinks model for entity linking},
	author={Ganea, Octavian-Eugen and Ganea, Marina and Lucchi, Aurelien and Eickhoff, Carsten and Hofmann, Thomas},
	booktitle={Proceedings of the 25th International Conference on World Wide Web},
	pages={927--938},
	year={2016},
	organization={International World Wide Web Conferences Steering Committee}
}

@article{yang2016,
	title={S-mart: Novel tree-based structured learning algorithms applied to tweet entity linking},
	author={Yang, Yi and Chang, Ming-Wei},
	journal={arXiv preprint arXiv:1609.08075},
	year={2016}
}

@article{ganea2017,
	title={Deep Joint Entity Disambiguation with Local Neural Attention},
	author={Ganea, Octavian-Eugen and Hofmann, Thomas},
	journal={arXiv preprint arXiv:1704.04920},
	year={2017}
}

%%%%%%%%%%%%%%%%%%%%%%%%%%%%%%%%%%%%%%%%%%%%%%%%%%%%%%%%%%%%%%%%%%%%%%%%%%%%%%%%
%%% PENDIENTES %%%%%%%%%%%%%%%%%%%%%%%%%%%%%%%%%%%%%%%%%%%%%%%%%%%%%%%%%%%%%%%%%
%%%%%%%%%%%%%%%%%%%%%%%%%%%%%%%%%%%%%%%%%%%%%%%%%%%%%%%%%%%%%%%%%%%%%%%%%%%%%%%%

@inproceedings{eckhardt2014,
	title={Entity linking based on the co-occurrence graph and entity probability},
	author={Eckhardt, Alan and Hre{\v{s}}ko, Juraj and Proch{\'a}zka, Jan and Smrf, Otakar},
	booktitle={Proceedings of the first international workshop on Entity recognition \& disambiguation},
	pages={37--44},
	year={2014},
	organization={ACM}
}

% GLOW
@inproceedings{ratinov2011,
	title={Local and global algorithms for disambiguation to wikipedia},
	author={Ratinov, Lev and Roth, Dan and Downey, Doug and Anderson, Mike},
	booktitle={Proceedings of the 49th Annual Meeting of the Association for Computational Linguistics: Human Language Technologies-Volume 1},
	pages={1375--1384},
	year={2011},
	organization={Association for Computational Linguistics}
}

%%%%%%%%%%%%%%%%%%%%%%%%%%%%%%%%%%%%%%%%%%%%%%%%%%%%%%%%%%%%%%%%%%%%%%%%%%%%%%%%
%%% NER %%%%%%%%%%%%%%%%%%%%%%%%%%%%%%%%%%%%%%%%%%%%%%%%%%%%%%%%%%%%%%%%%%%%%%%%
%%%%%%%%%%%%%%%%%%%%%%%%%%%%%%%%%%%%%%%%%%%%%%%%%%%%%%%%%%%%%%%%%%%%%%%%%%%%%%%%

@inproceedings{bontcheva2013,
	title={TwitIE: An Open-Source Information Extraction Pipeline for Microblog Text.},
	author={Bontcheva, Kalina and Derczynski, Leon and Funk, Adam and Greenwood, Mark A and Maynard, Diana and Aswani, Niraj},
	booktitle={RANLP},
	pages={83--90},
	year={2013}
}
